<?xml version="1.0" encoding="UTF-8"?><collection xmlns="http://www.loc.gov/MARC21/slim"><record><leader>00588nam--2200193-u-4500</leader><controlfield tag="001">000056049</controlfield><controlfield tag="002">20161230</controlfield><controlfield tag="005">20161230201052</controlfield><controlfield tag="008">141204s1000------------r-----000-0-rum-d</controlfield><datafield ind1=" " ind2=" " tag="040"><subfield code="a">IFIN-HH</subfield></datafield><datafield ind1=" " ind2=" " tag="041"><subfield code="a">rum</subfield></datafield><datafield ind1=" " ind2=" " tag="080"><subfield code="a">523</subfield></datafield><datafield ind1="1" ind2=" " tag="100"><subfield code="a">Tifrea, Emilia</subfield></datafield><datafield ind1="1" ind2="0" tag="245"><subfield code="a">Observations solaires</subfield><subfield code="b">Rotations 1717-1729 3 janvier - 22 decembre 1982</subfield><subfield code="c">Emilia tifrea, vasile dinulescu, alexandra dumitru, simona dinulescu, adrian oncica</subfield></datafield><datafield ind1=" " ind2=" " tag="260"><subfield code="a">Bucuresti</subfield><subfield code="b">Editura Academiei Rsr</subfield><subfield code="c">1983</subfield></datafield><datafield ind1=" " ind2=" " tag="300"><subfield code="a">79P</subfield></datafield><datafield ind1="1" ind2=" " tag="700"><subfield code="a">Oncica, Adrian</subfield></datafield><datafield ind1=" " ind2=" " tag="852"><subfield code="a">70512</subfield><subfield code="c">523</subfield></datafield><datafield ind1=" " ind2=" " tag="CAT"><subfield code="a">Sys</subfield><subfield code="c">20141204</subfield><subfield code="h">170213</subfield></datafield></record></collection>